@Proceedings{SOSP71,
  title		= POT # " 3rd " # SOSP,
  booktitle	= POT # " 3rd " # SOSP,
  year		= 1971,
  month		= oct,
  address	= {Palo Alto, CA},
}

@Proceedings{SOSP75,
  title		= POT # " 5th " # SOSP,
  booktitle	= POT # " 5th " # SOSP,
  year		= 1975,
  month		= nov,
  address	= {Austin, TX},
}

@Proceedings{SOSP77,
  title		= POT # " 6th " # SOSP,
  booktitle	= POT # " 6th " # SOSP,
  year		= 1977,
  month		= nov,
  address	= {West Lafayette, IN},
}

@Proceedings{SOSP81,
  title		= POT # " 8th " # SOSP,
  booktitle	= POT # " 8th " # SOSP,
  year		= 1981,
  month		= dec,
  address	= {Pacific Grove, CA},
}

@Proceedings{SOSP83,
  title		= POT # " 9th " # SOSP,
  booktitle	= POT # " 9th " # SOSP,
  year		= 1983,
  month		= oct,
  address	= {Bretton Woods, NH}
}

@Proceedings{SOSP85,
  title		= POT # " 10th " # SOSP,
  booktitle	= POT # " 10th " # SOSP,
  year		= 1985,
  month		= dec,
  address	= {Orcas Island, WA},
}

@Proceedings{SOSP87,
  title		= POT # " 11th " # SOSP,
  booktitle	= POT # " 11th " # SOSP,
  year		= 1987,
  month		= nov,
  address	= {Austin, TX},
}

@Proceedings{SOSP89,
  title		= POT # " 12th " # SOSP,
  booktitle	= POT # " 12th " # SOSP,
  year		= 1989,
  month		= dec,
  address	= {Litchfield Park, AZ},
}

@Proceedings{SOSP91,
  title		= POT # " 13th " # SOSP,
  booktitle	= POT # " 13th " # SOSP,
  year		= 1991,
  month		= oct,
  address	= {Pacific Grove, CA},
}

@Proceedings{SOSP93,
  title		= POT # " 14th " # SOSP,
  booktitle	= POT # " 14th " # SOSP,
  year		= 1993,
  month		= dec,
  address	= {Asheville, NC},
}

@Proceedings{SOSP95,
  title		= POT # " 15th " # SOSP,
  booktitle	= POT # " 15th " # SOSP,
  year		= 1995,
  month		= dec,
  address	= {Copper Mountain, CO},
}

@Proceedings{SOSP97,
  title		= POT # " 16th " # SOSP,
  booktitle	= POT # " 16th " # SOSP,
  month		= oct,
  year		= 1997,
  address	= {Saint-Malo, France},
}

@Proceedings{SOSP99,
  title		= POT # " 17th " # SOSP,
  booktitle	= POT # " 17th " # SOSP,
  month		= dec,
  year		= 1999,
  address	= {Kiawah Island, SC},
}

@Proceedings{SOSP01,
  title		= POT # " 18th " # SOSP,
  booktitle	= POT # " 18th " # SOSP,
  month		= oct,
  year		= 2001,
  address	= {Chateau Lake Louise, Banff, Canada},
}

@Proceedings{SOSP03,
  title		= POT # " 19th " # SOSP,
  booktitle	= POT # " 19th " # SOSP,
  month		= oct,
  year		= 2003,
  address	= {Bolton Landing, NY},
}

@Proceedings{SOSP05,
  title		= POT # " 20th " # SOSP,
  booktitle	= POT # " 20th " # SOSP,
  month		= oct,
  year		= 2005,
  address	= {Brighton, UK},
}

@Proceedings{SOSP07,
  title		= POT # " 21st " # SOSP,
  booktitle	= POT # " 21st " # SOSP,
  month		= oct,
  year		= 2007,
  address	= {Stevenson, WA},
}

@Proceedings{SOSP09,
  title		= POT # " 22nd " # SOSP,
  booktitle	= POT # " 22nd " # SOSP,
  month		= oct,
  year		= 2009,
  address	= {Big Sky, MT},
}

@Proceedings{SOSP11,
  title		= POT # " 23rd " # SOSP,
  booktitle	= POT # " 23rd " # SOSP,
  month		= oct,
  year		= 2011,
  address	= {Cascais, Portugal},
}

@Proceedings{SOSP13,
  title		= POT # " 24th " # SOSP,
  booktitle	= POT # " 24th " # SOSP,
  month		= nov,
  year		= 2013,
  address	= {Farmington, PA},
}

@Proceedings{SOSP15,
  title         = POT # " 25th " # SOSP,
  booktitle     = POT # " 25th " # SOSP,
  month         = oct,
  year          = 2015,
  address       = {Monterey, CA},
}


@Proceedings{USENIX85S,
  title = 	 POT # " {S}ummer 1985 " # USENIXTC,
  booktitle = 	 POT # " {S}ummer 1985 " # USENIXTC,
  year = 	 1985,
  address = 	 {Portland, OR},
}

@Proceedings{USENIX86S,
  title = 	 POT # " {S}ummer 1986 " # USENIXTC,
  booktitle = 	 POT # " {S}ummer 1986 " # USENIXTC,
  year = 	 1986,
}

@Proceedings{USENIX88W,
  title = 	 POT # " {W}inter 1988 " # USENIXTC,
  booktitle = 	 POT # " {W}inter 1988 " # USENIXTC,
  year = 	 1988,
  address = 	 {Dallas, TX},
}

@Proceedings{USENIX89W,
  title = 	 POT # " {W}inter 1989 " # USENIXTC,
  booktitle = 	 POT # " {W}inter 1989 " # USENIXTC,
  year = 	 1989,
}

@Proceedings{USENIX90W,
  title = 	 POT # " {W}inter 1990 " # USENIXTC,
  booktitle = 	 POT # " {W}inter 1990 " # USENIXTC,
  year = 	 1990,
  address = 	 {Colorado Springs, CO},
}

@Proceedings{USENIX90S,
  title = 	 POT # " {S}ummer 1990 " # USENIXTC,
  booktitle = 	 POT # " {S}ummer 1990 " # USENIXTC,
  year = 	 1990,
  address = 	 {Anaheim, CA},
}

@Proceedings{USENIX91W,
  title = 	 POT # " {W}inter 1991 " # USENIXTC,
  booktitle = 	 POT # " {W}inter 1991 " # USENIXTC,
  year = 	 1991,
}

@Proceedings{USENIX92W,
  title = 	 POT # " {W}inter 1992 " # USENIXTC,
  booktitle = 	 POT # " {W}inter 1992 " # USENIXTC,
  year = 	 1992,
  month =	 jan,
}

@Proceedings{USENIX92S,
  title = 	 POT # " {S}ummer 1992 " # USENIXTC,
  booktitle = 	 POT # " {S}ummer 1992 " # USENIXTC,
  year = 	 1992,
  month =	 jun,
  address =     {San Antonio, TX},
}

@Proceedings{USENIX93W,
  title = 	 POT # " {W}inter 1993 " # USENIXTC,
  booktitle = 	 POT # " {W}inter 1993 " # USENIXTC,
  year = 	 1993,
  month =	 jan,
  address =     {San Diego, CA},
}

@Proceedings{USENIX93S,
  title = 	 POT # " {S}ummer 1993 " # USENIXTC,
  booktitle = 	 POT # " {S}ummer 1993 " # USENIXTC,
  year = 	 1993,
  month =	 apr,
  address =     {Cincinnati, OH},
}

@Proceedings{USENIX94W,
  title		= POT # " {W}inter 1994 " # USENIXTC,
  booktitle	= POT # " {W}inter 1994 " # USENIXTC,
  year		= 1994,
  month		= jan,
  address	= {San Francisco, CA},
}

@Proceedings{USENIX94S,
  title = 	 POT # " {S}ummer 1994 " # USENIXTC,
  booktitle = 	 POT # " {S}ummer 1994 " # USENIXTC,
  year = 	 1994,
  month =	 jun,
  address =     {Boston, MA},
}

@Proceedings{USENIX95,
  title		= POT # " 1995 " # USENIXTC,
  booktitle	= POT # " 1995 " # USENIXTC,
  year		= 1995,
  month		= jan,
  address	= {New Orleans, LA},
}

@Proceedings{USENIX96,
  title = 	 POT # " 1996 " # USENIXATC,
  booktitle = 	 POT # " 1996 " # USENIXATC,
  year = 	 1996,
  month =	 jan,
  address =	{San Diego, CA},
}

@Proceedings{USENIX97,
  title = 	 POT # " 1997 " # USENIXATC,
  booktitle = 	 POT # " 1997 " # USENIXATC,
  year = 	 1997,
  month =	 jan,
  address = 	{Anaheim, CA},
}

@Proceedings{USENIX99,
  title = 	 POT # " 1999 " # USENIXATC,
  booktitle = 	 POT # " 1999 " # USENIXATC,
  year = 	 1999,
  month =	 jun,
  address = 	{Monterey, CA},
}

@Proceedings{USENIX00,
  title = 	 POT # " 2000 " # USENIXATC,
  booktitle = 	 POT # " 2000 " # USENIXATC,
  year = 	 2000,
  month =	 jun,
  address =	{San Diego, CA},
}

@Proceedings{USENIX01,
  title = 	 POT # " 2001 " # USENIXATC,
  booktitle = 	 POT # " 2001 " # USENIXATC,
  year = 	 2001,
  month =	 jun,
  address = 	{Boston, MA},
}

@Proceedings{USENIX03,
  title = 	 POT # " 2003 " # USENIXATC,
  booktitle = 	 POT # " 2003 " # USENIXATC,
  month =	 jun,
  year = 	 2003,
  address = 	 {San Antonio, TX},
}

@Proceedings{USENIX04,
  title = 	 POT # " 2004 " # USENIXATC,
  booktitle = 	 POT # " 2004 " # USENIXATC,
  month =	 jun # {--} # jul,
  year = 	 2004,
  address = 	 {Boston, MA},
}

@Proceedings{USENIX05,
  title		= POT # " 2005 " # USENIXATC,
  booktitle	= POT # " 2005 " # USENIXATC,
  month		= apr,
  year		= 2005,
  address	= {Anaheim, CA},
}

@Proceedings{USENIX06,
  title		= POT # " 2006 " # USENIXATC,
  booktitle	= POT # " 2006 " # USENIXATC,
  month		= may # {--} # jun,
  year		= 2006,
  address	= {Boston, MA},
}

@Proceedings{USENIX08,
  title		= POT # " 2008 " # USENIXATC,
  booktitle	= POT # " 2008 " # USENIXATC,
  month		= jun,
  year		= 2008,
  address	= {Boston, MA},
}

@Proceedings{USENIX09,
  title		= POT # " 2009 " # USENIXATC,
  booktitle	= POT # " 2009 " # USENIXATC,
  month		= jun,
  year		= 2009,
  address	= {San Diego, CA},
}

@Proceedings{USENIX10,
  title		= POT # " 2010 " # USENIXATC,
  booktitle	= POT # " 2010 " # USENIXATC,
  month		= jun,
  year		= 2010,
  address	= {Boston, MA},
}

@Proceedings{USENIX11,
  title		= POT # " 2011 " # USENIXATC,
  booktitle	= POT # " 2011 " # USENIXATC,
  month		= jun,
  year		= 2011,
  address	= {Portland, OR},
}

@Proceedings{USENIX12,
  title		= POT # " 2012 " # USENIXATC,
  booktitle	= POT # " 2012 " # USENIXATC,
  month		= jun,
  year		= 2012,
  address	= {Boston, MA},
}

@Proceedings{USENIX13,
  title		= POT # " 2013 " # USENIXATC,
  booktitle	= POT # " 2013 " # USENIXATC,
  month		= jun,
  year		= 2013,
  address	= {San Jose, CA},
}

@Proceedings{USENIX14,
  title		= POT # " 2014 " # USENIXATC,
  booktitle	= POT # " 2014 " # USENIXATC,
  month		= jun,
  year		= 2014,
  address	= {Philadelphia, PA},
}

@Proceedings{USENIX15,
  title		= POT # " 2015 " # USENIXATC,
  booktitle	= POT # " 2015 " # USENIXATC,
  month		= jul,
  year		= 2015,
  address	= {Santa Clara, CA},
}


@Proceedings{NSDI04,
  title		= POT # { 1st } # NSDI,
  booktitle	= POT # { 1st } # NSDI,
  month		= mar,
  year		= 2004,
  address	= {San Francisco, CA},
}

@Proceedings{NSDI05,
  title		= POT # { 2nd } # NSDI,
  booktitle	= POT # { 2nd } # NSDI,
  month		= may,
  year		= 2005,
  address	= {Boston, MA},
}

@Proceedings{NSDI06,
  title		= POT # { 3rd } # NSDI,
  booktitle	= POT # { 3rd } # NSDI,
  month		= may,
  year		= 2006,
  address	= {San Jose, CA},
}

@Proceedings{NSDI07,
  title		= POT # { 4th } # NSDI,
  booktitle	= POT # { 4th } # NSDI,
  month		= apr,
  year		= 2007,
  address	= {Cambridge, MA},
}

@Proceedings{NSDI08,
  title		= POT # { 5th } # NSDI,
  booktitle	= POT # { 5th } # NSDI,
  month		= apr,
  year		= 2008,
  address	= {San Francisco, CA},
}

@Proceedings{NSDI09,
  title		= POT # { 6th } # NSDI,
  booktitle	= POT # { 6th } # NSDI,
  month		= apr,
  year		= 2009,
  address	= {Boston, MA},
}

@Proceedings{NSDI10,
  title		= POT # { 7th } # NSDI,
  booktitle	= POT # { 7th } # NSDI,
  month		= apr,
  year		= 2010,
  address	= {San Jose, CA},
}

@Proceedings{NSDI11,
  title		= POT # { 8th } # NSDI,
  booktitle	= POT # { 8th } # NSDI,
  month		= mar # {--} # apr,
  year		= 2011,
  address	= {Boston, MA},
}

@Proceedings{NSDI12,
  title		= POT # { 9th } # NSDI,
  booktitle	= POT # { 9th } # NSDI,
  month		= apr,
  year		= 2012,
  address	= {San Jose, CA},
}

@Proceedings{NSDI13,
  title		= POT # { 10th } # NSDI,
  booktitle	= POT # { 10th } # NSDI,
  month		= apr,
  year		= 2013,
  address	= {Lombard, IL},
}

@Proceedings{NSDI14,
  title		= POT # { 11th } # NSDI,
  booktitle	= POT # { 11th } # NSDI,
  month		= apr,
  year		= 2014,
  address	= {Seattle, WA},
}

@Proceedings{NSDI16,
  title		= POT # { 13th } # NSDI,
  booktitle	= POT # { 13th } # NSDI,
  month		= mar,
  year		= 2016,
  address	= {Santa Clara, CA},
}


@Proceedings{PLDI90,
    title       = POT # { 1990 } # PLDI,
    booktitle   = POT # { 1990 } # PLDI,
    month       = jun,
    year        = 1990,
    address     = {White Plains, NY},
}

@Proceedings{PLDI95,
    title	= POT # { 1995 } # PLDI,
    booktitle	= POT # { 1995 } # PLDI,
    month	= jun,
    year	= 1995,
    address	= {La Jolla, CA},
}

@Proceedings{PLDI97,
    title	= POT # { 1997 } # PLDI,
    booktitle	= POT # { 1997 } # PLDI,
    month	= jun,
    year	= 1997,
    address	= {Las Vegas, NV},
}

@Proceedings{PLDI00,
    title	= POT # { 2000 } # PLDI,
    booktitle	= POT # { 2000 } # PLDI,
    month	= jun,
    year	= 2000,
    address	= {Vancouver, Canada},
}

@Proceedings{PLDI02,
    title	= POT # { 2002 } # PLDI,
    booktitle	= POT # { 2002 } # PLDI,
    month	= jun,
    year	= 2002,
    address	= {Berlin, Germany},
}

@Proceedings{PLDI03,
    title	= POT # { 2003 } # PLDI,
    booktitle	= POT # { 2003 } # PLDI,
    month	= jun,
    year	= 2003,
    address	= {San Diego, CA},
}

@Proceedings{PLDI04,
    title	= POT # { 2004 } # PLDI,
    booktitle	= POT # { 2004 } # PLDI,
    month	= jun,
    year	= 2004,
    address	= {Washington, DC},
}

@Proceedings{PLDI05,
    title	= POT # { 2005 } # PLDI,
    booktitle	= POT # { 2005 } # PLDI,
    month	= jun,
    year	= 2005,
    address	= {Chicago, IL},
}

@Proceedings{PLDI06,
    title	= POT # { 2006 } # PLDI,
    booktitle	= POT # { 2006 } # PLDI,
    month	= jun,
    year	= 2006,
    address	= {Ottawa, Canada},
}

@Proceedings{PLDI07,
    title	= POT # { 2007 } # PLDI,
    booktitle	= POT # { 2007 } # PLDI,
    month	= jun,
    year	= 2007,
    address	= {San Diego, CA},
}

@Proceedings{PLDI08,
    title	= POT # { 2008 } # PLDI,
    booktitle	= POT # { 2008 } # PLDI,
    month	= jun,
    year	= 2008,
    address	= {Tucson, AZ},
}

@Proceedings{PLDI09,
    title	= POT # { 2009 } # PLDI,
    booktitle	= POT # { 2009 } # PLDI,
    month	= jun,
    year	= 2009,
    address	= {Dublin, Ireland},
}

@Proceedings{PLDI10,
    title       = POT # { 2010 } # PLDI,
    booktitle   = POT # { 2010 } # PLDI,
    month       = jun,
    year        = 2010,
    address     = {Toronto, Canada},
}

@Proceedings{PLDI11,
    title	= POT # { 2011 } # PLDI,
    booktitle	= POT # { 2011 } # PLDI,
    month	= jun,
    year	= 2011,
    address	= {San Jose, CA},
}

@Proceedings{PLDI13,
    title      = POT # { 2013 } # PLDI,
    booktitle  = POT # { 2013 } # PLDI,
    month      = jun,
    year       = 2013,
    address    = {Seattle, WA},
}

@Proceedings{PLDI14,
    title      = POT # { 2014 } # PLDI,
    booktitle  = POT # { 2014 } # PLDI,
    month      = jun,
    year       = 2014,
    address    = {Edinburgh, UK},
}

@Proceedings{PLDI15,
    title      = POT # { 2015 } # PLDI,
    booktitle  = POT # { 2015 } # PLDI,
    month      = jun,
    year       = 2015,
    address    = {Portland, OR},
}


@Proceedings{ICFP00,
    title      = POT # { 5th } # ICFP,
    booktitle  = POT # { 5th } # ICFP,
    month      = sep,
    year       = 2000,
    address    = {Montreal, Canada},
}

@Proceedings{ICFP06,
    title      = POT # { 11th } # ICFP,
    booktitle  = POT # { 11th } # ICFP,
    month      = sep,
    year       = 2006,
    address    = {Portland, OR},
}

@Proceedings{ICFP08,
    title      = POT # { 13th } # ICFP,
    booktitle  = POT # { 13th } # ICFP,
    month      = sep,
    year       = 2008,
    address    = {Victoria, British Columbia, Canada},
}

@Proceedings{ICFP13,
    title      = POT # { 18th } # ICFP,
    booktitle  = POT # { 18th } # ICFP,
    month      = sep,
    year       = 2013,
    address    = {Boston, MA},
}

@Proceedings{ICFP14,
    title      = POT # { 19th } # ICFP,
    booktitle  = POT # { 19th } # ICFP,
    month      = sep,
    year       = 2014,
    address    = {Gothenburg, Sweden},
}

@Proceedings{ICFP16,
    title      = POT # { 21st } # ICFP,
    booktitle  = POT # { 21st } # ICFP,
    month      = sep,
    year       = 2016,
    address    = {Nara, Japan},
}


@Proceedings{OSDI94,
    title       = POT # { 1st } # OSDI,
    booktitle   = POT # { 1st } # OSDI,
    month       = nov,
    year        = 1994,
    address     = {Monterey, CA},
}

@Proceedings{OSDI96,
    title       = POT # { 2nd } # OSDI,
    booktitle   = POT # { 2nd } # OSDI,
    month       = oct,
    year        = 1996,
    address     = {Seattle, WA},
}

@Proceedings{OSDI99,
    title	= POT # { 3rd } # OSDI,
    booktitle	= POT # { 3rd } # OSDI,
    month	= feb,
    year	= 1999,
    address	= {New Orleans, LA},
}
    
@Proceedings{OSDI00,
    title	= POT # { 4th } # OSDI,
    booktitle	= POT # { 4th } # OSDI,
    month	= oct,
    year	= 2000,
    address	= {San Diego, CA},
}
    
@Proceedings{OSDI02,
    title	= POT # { 5th } # OSDI,
    booktitle	= POT # { 5th } # OSDI,
    month	= dec,
    year	= 2002,
    address	= {Boston, MA},
}

@Proceedings{OSDI04,
    title	= POT # { 6th } # OSDI,
    booktitle	= POT # { 6th } # OSDI,
    month	= dec,
    year	= 2004,
    address	= {San Francisco, CA},
}

@Proceedings{OSDI06,
    title	= POT # { 7th } # OSDI,
    booktitle	= POT # { 7th } # OSDI,
    month	= nov,
    year	= 2006,
    address	= {Seattle, WA},
}

@Proceedings{OSDI08,
    title	= POT # { 8th } # OSDI,
    booktitle	= POT # { 8th } # OSDI,
    month	= dec,
    year	= 2008,
    address	= {San Diego, CA},
}

@Proceedings{OSDI10,
    title	= POT # { 9th } # OSDI,
    booktitle	= POT # { 9th } # OSDI,
    month	= oct,
    year	= 2010,
    address	= {Vancouver, Canada},
}

@Proceedings{OSDI12,
    title	= POT # { 10th } # OSDI,
    booktitle	= POT # { 10th } # OSDI,
    month	= oct,
    year	= 2012,
    address	= {Hollywood, CA},
}

@Proceedings{OSDI14,
    title	= POT # { 11th } # OSDI,
    booktitle	= POT # { 11th } # OSDI,
    month	= oct,
    year	= 2014,
    address	= {Broomfield, CO},
}

@Proceedings{OSDI16,
    title	= POT # { 12th } # OSDI,
    booktitle	= POT # { 12th } # OSDI,
    month	= nov,
    year	= 2016,
    address	= {Savannah, GA},
}


@Proceedings{EUROSYS06,
    title	= POT # { 1st } # EUROSYS,
    booktitle	= POT # { 1st } # EUROSYS,
    month	= apr,
    year	= 2006,
    address	= {Leuven, Belgium},
}

@Proceedings{EUROSYS07,
    title	= POT # { 2nd } # EUROSYS,
    booktitle	= POT # { 2nd } # EUROSYS,
    month	= mar,
    year	= 2007,
    address	= {Lisbon, Portugal},
}

@Proceedings{EUROSYS08,
    title       = POT # { 3rd } # EUROSYS,
    booktitle   = POT # { 3rd } # EUROSYS,
    month       = apr,
    year        = 2008,
    address     = {Glasgow, Scotland},
}

@Proceedings{EUROSYS09,
    title	= POT # { 4th } # EUROSYS,
    booktitle	= POT # { 4th } # EUROSYS,
    month	= mar,
    year	= 2009,
    address	= {Nuremberg, Germany},
}

@Proceedings{EUROSYS10,
    title	= POT # { 5th } # EUROSYS,
    booktitle	= POT # { 5th } # EUROSYS,
    month	= apr,
    year	= 2010,
    address	= {Paris, France},
}

@Proceedings{EUROSYS11,
    title	= POT # { 6th } # EUROSYS,
    booktitle	= POT # { 6th } #EUROSYS,
    month	= apr,
    year	= 2011,
    address	= {Salzburg, Austria},
}

@Proceedings{EUROSYS12,
    title	= POT # { 7th } # EUROSYS,
    booktitle	= POT # { 7th } # EUROSYS,
    month	= apr,
    year	= 2012,
    address	= {Bern, Switzerland},
}

@Proceedings{EUROSYS13,
    title	= POT # { 8th } # EUROSYS,
    booktitle	= POT # { 8th } # EUROSYS,
    month	= apr,
    year	= 2013,
    address	= {Prague, Czech Republic},
}

@Proceedings{EUROSYS14,
    title	= POT # { 9th } # EUROSYS,
    booktitle	= POT # { 9th } # EUROSYS,
    month	= apr,
    year	= 2014,
    address	= {Amsterdam, The Netherlands},
}

@Proceedings{EUROSYS15,
    title	= POT # { 10th } # EUROSYS,
    booktitle	= POT # { 10th } # EUROSYS,
    month	= apr,
    year	= 2015,
    address	= {Bordeaux, France},
}


@Proceedings{ASPLOS89,
    title	= POT # { 3rd } # ASPLOS,
    booktitle	= POT # { 3rd } # ASPLOS,
    month	= apr,
    year	= 1989,
    address	= {Boston, MA},
}

@Proceedings{ASPLOS02,
    title	= POT # { 10th } # ASPLOS,
    booktitle	= POT # { 10th } # ASPLOS,
    month	= oct,
    year	= 2002,
    address	= {San Jose, CA},
}

@Proceedings{ASPLOS06,
    title	= POT # { 12th } # ASPLOS,
    booktitle	= POT # { 12th } # ASPLOS,
    month	= oct,
    year	= 2006,
    address	= {San Jose, CA},
}

@Proceedings{ASPLOS08,
    title	= POT # { 13th } # ASPLOS,
    booktitle	= POT # { 13th } # ASPLOS,
    month	= mar,
    year	= 2008,
    address	= {Seattle, WA},
}

@Proceedings{ASPLOS09,
    title	= POT # { 14th } # ASPLOS,
    booktitle	= POT # { 14th } # ASPLOS,
    month	= mar,
    year	= 2009,
    address	= {Washington, DC},
}

@Proceedings{ASPLOS10,
    title	= POT # { 15th } # ASPLOS,
    booktitle	= POT # { 15th } # ASPLOS,
    month	= mar,
    year	= 2010,
    address	= {Pittsburgh, PA},
}

@Proceedings{ASPLOS11,
    title	= POT # { 16th } # ASPLOS,
    booktitle	= POT # { 16th } # ASPLOS,
    month	= mar,
    year	= 2011,
    address	= {Newport Beach, CA},
}

@Proceedings{ASPLOS12,
    title	= POT # { 17th } # ASPLOS,
    booktitle	= POT # { 17th } # ASPLOS,
    month	= mar,
    year	= 2012,
    address	= {London, UK},
}

@Proceedings{ASPLOS13,
    title	= POT # { 18th } # ASPLOS,
    booktitle	= POT # { 18th } # ASPLOS,
    month	= mar,
    year	= 2013,
    address	= {Houston, TX},
}

@Proceedings{ASPLOS14,
    title	= POT # { 19th } # ASPLOS,
    booktitle	= POT # { 19th } # ASPLOS,
    month	= mar,
    year	= 2014,
    address	= {Salt Lake City, UT},
}

@Proceedings{ASPLOS15,
    title	= POT # { 20th } # ASPLOS,
    booktitle	= POT # { 20th } # ASPLOS,
    month	= mar,
    year	= 2015,
    address	= {Istanbul, Turkey},
}

@Proceedings{ASPLOS16,
    title	= POT # { 21st } # ASPLOS,
    booktitle	= POT # { 21st } # ASPLOS,
    month	= apr,
    year	= 2016,
    address	= {Atlanta, GA},
}


@Proceedings{CCS93,
    title	= POT # { 1st } # CCS,
    booktitle	= POT # { 1st } # CCS,
    month	= nov,
    year	= 1993,
    address	= {Fairfax, VA},
}

@Proceedings{CCS94,
    title	= POT # { 2nd } # CCS,
    booktitle	= POT # { 2nd } # CCS,
    month	= nov,
    year	= 1994,
    address	= {Fairfax, VA},
}

@Proceedings{CCS02,
    title	= POT # { 9th } # CCS,
    booktitle	= POT # { 9th } # CCS,
    month	= nov,
    year	= 2002,
    address	= {Washington, DC},
}

@Proceedings{CCS03,
    title	= POT # { 10th } # CCS,
    booktitle	= POT # { 10th } # CCS,
    month	= oct,
    year	= 2003,
    address	= {Washington, DC},
}

@Proceedings{CCS06,
    title       = POT # { 13th } # CCS,
    booktitle   = POT # { 13th } # CCS,
    month       = oct # {--} # nov,
    year        = 2006,
    address     = {Alexandria, VA},
}

@Proceedings{CCS07,
    title	= POT # { 14th } # CCS,
    booktitle	= POT # { 14th } # CCS,
    month	= oct # {--} # nov,
    year	= 2007,
    address	= {Alexandria, VA},
}

@Proceedings{CCS08,
    title	= POT # { 15th } # CCS,
    booktitle	= POT # { 15th } # CCS,
    month	= oct,
    year	= 2008,
    address	= {Alexandria, VA},
}

@Proceedings{CCS11,
    title       = POT # { 18th } # CCS,
    booktitle   = POT # { 18th } # CCS,
    month       = oct,
    year        = 2011,
    address     = {Chicago, IL},
}

@Proceedings{CCS12,
    title	= POT # { 19th } # CCS,
    booktitle	= POT # { 19th } # CCS,
    month	= oct,
    year	= 2012,
    address	= {Raleigh, NC},
}

@Proceedings{CCS13,
    title	= POT # { 20th } # CCS,
    booktitle	= POT # { 20th } # CCS,
    month	= nov,
    year	= 2013,
    address	= {Berlin, Germany},
}

@Proceedings{CCS14,
    title	= POT # { 21st } # CCS,
    booktitle	= POT # { 21st } # CCS,
    month	= nov,
    year	= 2014,
    address	= {Scottsdale, AZ},
}


@Proceedings{USEC96,
    title	= POT # { 6th } # USEC,
    booktitle	= POT # { 6th } # USEC,
    month	= jul,
    year	= 1996,
    address	= {San Jose, CA},
}

@Proceedings{USEC98,
    title	= POT # { 7th } # USEC,
    booktitle	= POT # { 7th } # USEC,
    month	= jan,
    year	= 1998,
    address	= {San Antonio, TX},
}

@Proceedings{USEC02,
    title	= POT # { 11th } # USEC,
    booktitle	= POT # { 11th } # USEC,
    month	= aug,
    year	= 2002,
    address	= {San Francisco, CA},
}

@Proceedings{USEC03,
    title	= POT # { 12th } # USEC,
    booktitle	= POT # { 12th } # USEC,
    month	= aug,
    year	= 2003,
    address	= {Washington, DC},
}

@Proceedings{USEC04,
    title	= POT # { 13th } # USEC,
    booktitle	= POT # { 13th } # USEC,
    month	= aug,
    year	= 2004,
    address	= {San Diego, CA},
}

@Proceedings{USEC05,
    title	= POT # { 14th } # USEC,
    booktitle	= POT # { 14th } # USEC,
    month	= aug,
    year	= 2005,
    address	= {Baltimore, MD},
}

@Proceedings{USEC06,
    title	= POT # { 15th } # USEC,
    booktitle	= POT # { 15th } # USEC,
    month	= jul,
    year	= 2006,
    address	= {Vancouver, Canada},
}

@Proceedings{USEC07,
    title	= POT # { 16th } # USEC,
    booktitle	= POT # { 16th } # USEC,
    month	= aug,
    year	= 2007,
    address	= {Boston, MA},
}

@Proceedings{USEC08,
    title      = POT # { 17th } # USEC,
    booktitle  = POT # { 17th } # USEC,
    month      = jul # {--} # aug,
    year       = 2008,
    address    = {San Jose, CA},
}

@Proceedings{USEC09,
    title	= POT # { 18th } # USEC,
    booktitle	= POT # { 18th } # USEC,
    month	= aug,
    year	= 2009,
    address	= {Montreal, Canada},
}

@Proceedings{USEC10,
    title	= POT # { 19th } # USEC,
    booktitle	= POT # { 19th } # USEC,
    month	= aug,
    year	= 2010,
    address	= {Washington, DC},
}

@Proceedings{USEC11,
    title	= POT # { 20th } # USEC,
    booktitle	= POT # { 20th } # USEC,
    month	= aug,
    year	= 2011,
    address	= {San Francisco, CA},
}

@Proceedings{USEC12,
    title	= POT # { 21st } # USEC,
    booktitle	= POT # { 21st } # USEC,
    month	= aug,
    year	= 2012,
    address	= {Bellevue, WA},
}

@Proceedings{USEC15,
    title      = POT # { 24th } # USEC,
    booktitle  = POT # { 24th } # USEC,
    month      = aug,
    year       = 2015,
    address    = {Washington, DC},
}


@Proceedings{IEEESP81,
    title	= POT # { 2nd } # IEEESP,
    booktitle	= POT # { 2nd } # IEEESP,
    month	= may,
    year	= 1981,
    address	= {Oakland, CA},
}

@Proceedings{IEEESP82,
    title	= POT # { 3rd } # IEEESP,
    booktitle	= POT # { 3rd } # IEEESP,
    month	= apr,
    year	= 1982,
    address	= {Oakland, CA},
}

@Proceedings{IEEESP84,
    title	= POT # { 5th } # IEEESP,
    booktitle	= POT # { 5th } # IEEESP,
    month	= apr # {--} # may,
    year	= 1984,
    address	= {Oakland, CA},
}

@Proceedings{IEEESP85,
    title	= POT # { 6th } # IEEESP,
    booktitle	= POT # { 6th } # IEEESP,
    month	= apr,
    year	= 1985,
    address	= {Oakland, CA},
}

@Proceedings{IEEESP86,
    title	= POT # { 7th } # IEEESP,
    booktitle	= POT # { 7th } # IEEESP,
    month	= apr,
    year	= 1986,
    address	= {Oakland, CA},
}

@Proceedings{IEEESP87,
    title	= POT # { 8th } # IEEESP,
    booktitle	= POT # { 8th } # IEEESP,
    month	= apr,
    year	= 1987,
    address	= {Oakland, CA},
}

@Proceedings{IEEESP88,
    title	= POT # { 9th } # IEEESP,
    booktitle	= POT # { 9th } # IEEESP,
    month	= apr,
    year	= 1988,
    address	= {Oakland, CA},
}

@Proceedings{IEEESP89,
    title	= POT # { 10th } # IEEESP,
    booktitle	= POT # { 10th } # IEEESP,
    month	= may,
    year	= 1989,
    address	= {Oakland, CA},
}

@Proceedings{IEEESP90,
    title	= POT # { 11th } # IEEESP,
    booktitle	= POT # { 11th } # IEEESP,
    month	= may,
    year	= 1990,
    address	= {Oakland, CA},
}

@Proceedings{IEEESP91,
    title	= POT # { 12th } # IEEESP,
    booktitle	= POT # { 12th } # IEEESP,
    month	= may,
    year	= 1991,
    address	= {Oakland, CA},
}

@Proceedings{IEEESP92,
    title	= POT # { 13th } # IEEESP,
    booktitle	= POT # { 13th } # IEEESP,
    month	= may,
    year	= 1992,
    address	= {Oakland, CA},
}

@Proceedings{IEEESP93,
    title	= POT # { 14th } # IEEESP,
    booktitle	= POT # { 14th } # IEEESP,
    month	= may,
    year	= 1993,
    address	= {Oakland, CA},
}

@Proceedings{IEEESP94,
    title	= POT # { 15th } # IEEESP,
    booktitle	= POT # { 15th } # IEEESP,
    month	= may,
    year	= 1994,
    address	= {Oakland, CA},
}

@Proceedings{IEEESP97,
    title	= POT # { 18th } # IEEESP,
    booktitle	= POT # { 18th } # IEEESP,
    month	= may,
    year	= 1997,
    address	= {Oakland, CA},
}

@Proceedings{IEEESP98,
    title	= POT # { 19th } # IEEESP,
    booktitle	= POT # { 19th } # IEEESP,
    month	= may,
    year	= 1998,
    address	= {Oakland, CA},
}

@Proceedings{IEEESP99,
    title	= POT # { 20th } # IEEESP,
    booktitle	= POT # { 20th } # IEEESP,
    month	= may,
    year	= 1999,
    address	= {Oakland, CA},
}

@Proceedings{IEEESP00,
    title	= POT # { 21st } # IEEESP,
    booktitle	= POT # { 21st } # IEEESP,
    month	= may,
    year	= 2000,
    address	= {Oakland, CA},
}

@Proceedings{IEEESP02,
    title	= POT # { 23rd } # IEEESP,
    booktitle	= POT # { 23rd } # IEEESP,
    month	= may,
    year	= 2002,
    address	= {Oakland, CA},
}

@Proceedings{IEEESP03,
    title	= POT # { 24th } # IEEESP,
    booktitle	= POT # { 24th } # IEEESP,
    month	= may,
    year	= 2003,
    address	= {Oakland, CA},
}

@Proceedings{IEEESP04,
    title	= POT # { 25th } # IEEESP,
    booktitle	= POT # { 25th } # IEEESP,
    month	= may,
    year	= 2004,
    address	= {Oakland, CA},
}

@Proceedings{IEEESP05,
    title	= POT # { 26th } # IEEESP,
    booktitle	= POT # { 26th } # IEEESP,
    month	= may,
    year	= 2005,
    address	= {Oakland, CA},
}

@Proceedings{IEEESP06,
    title	= POT # { 27th } # IEEESP,
    booktitle	= POT # { 27th } # IEEESP,
    month	= may,
    year	= 2006,
    address	= {Oakland, CA},
}

@Proceedings{IEEESP07,
    title	= POT # { 28th } # IEEESP,
    booktitle	= POT # { 28th } # IEEESP,
    month	= may,
    year	= 2007,
    address	= {Oakland, CA},
}

@Proceedings{IEEESP08,
    title	= POT # { 29th } # IEEESP,
    booktitle	= POT # { 29th } # IEEESP,
    month	= may,
    year	= 2008,
    address	= {Oakland, CA},
}

@Proceedings{IEEESP09,
    title	= POT # { 30th } # IEEESP,
    booktitle	= POT # { 30th } # IEEESP,
    month	= may,
    year	= 2009,
    address	= {Oakland, CA},
}

@Proceedings{IEEESP12,
    title	= POT # { 33rd } # IEEESP,
    booktitle	= POT # { 33rd } # IEEESP,
    month	= may,
    year	= 2012,
    address	= {San Francisco, CA},
}

@Proceedings{IEEESP13,
    title	= POT # { 34th } # IEEESP,
    booktitle	= POT # { 34th } # IEEESP,
    month	= may,
    year	= 2013,
    address	= {San Francisco, CA},
}

@Proceedings{IEEESP14,
    title	= POT # { 35th } # IEEESP,
    booktitle	= POT # { 35th } # IEEESP,
    month	= may,
    year	= 2014,
    address	= {San Jose, CA},
}

@Proceedings{IEEESP15,
    title	= POT # { 36th } # IEEESP,
    booktitle	= POT # { 36th } # IEEESP,
    month	= may,
    year	= 2015,
    address	= {San Jose, CA},
}


@Proceedings{OLS2002,
  title		= POT # OLS,
  booktitle	= POT # OLS,
  month		= jun,
  year		= 2002,
  address	= {Ottawa, Canada},
}

@Proceedings{OLS2004,
  title		= POT # OLS,
  booktitle	= POT # OLS,
  month		= jun,
  year		= 2004,
  address	= {Ottawa, Canada},
}

@Proceedings{OLS2006,
  title		= POT # OLS,
  booktitle	= POT # OLS,
  month		= jun,
  year		= 2006,
  address	= {Ottawa, Canada},
}

@Proceedings{OLS2007,
  title		= POT # OLS,
  booktitle	= POT # OLS,
  month		= jun,
  year		= 2007,
  address	= {Ottawa, Canada},
}

@Proceedings{OLS2010,
  title		= POT # OLS,
  booktitle	= POT # OLS,
  month		= jul,
  year		= 2010,
  address	= {Ottawa, Canada},
}

@Proceedings{OLS2012,
  title		= POT # OLS,
  booktitle	= POT # OLS,
  month		= jul,
  year		= 2012,
  address	= {Ottawa, Canada},
}


@Proceedings{VLDB00,
    title	= POT # { 26th } # VLDB,
    booktitle	= POT # { 26th } # VLDB,
    month	= sep,
    year	= 2000,
    address	= {Cairo, Egypt},
}

@Proceedings{VLDB02,
    title	= POT # { 28th } # VLDB,
    booktitle	= POT # { 28th } # VLDB,
    month	= aug,
    year	= 2002,
    address	= {Hong Kong, China},
}

@Proceedings{VLDB04,
    title	= POT # { 30th } # VLDB,
    booktitle	= POT # { 30th } # VLDB,
    month	= aug # {--} # sep,
    year	= 2004,
    address	= {Toronto, Canada},
}

@Proceedings{VLDB05,
    title	= POT # { 31st } # VLDB,
    booktitle	= POT # { 31st } # VLDB,
    month	= aug # {--} # sep,
    year	= 2005,
    address	= {Trondheim, Norway},
}

@Proceedings{VLDB06,
    title	= POT # { 32nd } # VLDB,
    booktitle	= POT # { 32nd } # VLDB,
    month	= sep,
    year	= 2006,
    address	= {Seoul, Korea},
}

@Proceedings{VLDB07,
    title	= POT # { 33rd } # VLDB,
    booktitle	= POT # { 33rd } # VLDB,
    month	= sep,
    year	= 2007,
    address	= {Vienna, Austria},
}

@Proceedings{VLDB10,
    title	= POT # { 36th } # VLDB,
    booktitle	= POT # { 36th } # VLDB,
    month	= sep,
    year	= 2010,
    address	= {Singapore},
}

@Proceedings{VLDB13,
    title	= POT # { 39th } # VLDB,
    booktitle	= POT # { 39th } # VLDB,
    month	= aug,
    year	= 2013,
    address	= {Riva del Garda, Italy},
}


@Proceedings{SIGMOD02,
    title	= POT # { 2002 } # SIGMOD,
    booktitle	= POT # { 2002 } # SIGMOD,
    month	= jun,
    year	= 2002,
    address	= {Madison, WI},
}

@Proceedings{SIGMOD04,
    title	= POT # { 2004 } # SIGMOD,
    booktitle	= POT # { 2004 } # SIGMOD,
    month	= jun,
    year	= 2004,
    address	= {Paris, France},
}

@Proceedings{SIGMOD08,
    title	= POT # { 2008 } # SIGMOD,
    booktitle	= POT # { 2008 } # SIGMOD,
    month	= jun,
    year	= 2008,
    address	= {Vancouver, Canada},
}

@Proceedings{SIGMOD09,
    title	= POT # { 2009 } # SIGMOD,
    booktitle	= POT # { 2009 } # SIGMOD,
    month	= jun # {--} # jul,
    year	= 2009,
    address	= {Providence, RI},
}

@Proceedings{SIGMOD11,
    title	= POT # { 2011 } # SIGMOD,
    booktitle	= POT # { 2011 } # SIGMOD,
    month	= jun,
    year	= 2011,
    address	= {Athens, Greece},
}

@Proceedings{SIGMOD13,
    title	= POT # { 2013 } # SIGMOD,
    booktitle	= POT # { 2013 } # SIGMOD,
    month	= jun,
    year	= 2013,
    address	= {New York, NY},
}


@Proceedings{APSYS10,
    title       = POT # { 1st Asia-Pacific Workshop on Systems},
    booktitle   = POT # { 1st Asia-Pacific Workshop on Systems},
    month       = aug,
    year        = 2010,
    address     = {New Delhi, India},
}

@Proceedings{APSYS11,
    title	= POT # { 2nd Asia-Pacific Workshop on Systems},
    booktitle	= POT # { 2nd Asia-Pacific Workshop on Systems},
    month	= jul,
    year	= 2011,
    address	= {Shanghai, China},
}

@Proceedings{APSYS12,
    title	= POT # { 3rd Asia-Pacific Workshop on Systems},
    booktitle	= POT # { 3rd Asia-Pacific Workshop on Systems},
    month	= jul,
    year	= 2012,
    address	= {Seoul, South Korea},
}

@Proceedings{APSYS13,
    title	= POT # { 4th Asia-Pacific Workshop on Systems},
    booktitle	= POT # { 4th Asia-Pacific Workshop on Systems},
    month	= jul,
    year	= 2013,
    address	= {Singapore},
}

@Proceedings{APSYS14,
    title	= POT # { 5th Asia-Pacific Workshop on Systems},
    booktitle	= POT # { 5th Asia-Pacific Workshop on Systems},
    month	= jun,
    year	= 2014,
    address	= {Beijing, China},
}


@Proceedings{ASIACRYPT11,
    title       = POT # { 17th } # ASIACRYPT,
    booktitle   = POT # { 17th } # ASIACRYPT,
    month       = dec,
    year        = 2011,
    address     = {Seoul, South Korea},
}


@Proceedings{EUROCRYPT99,
    title       = POT # { 18th } # EUROCRYPT,
    booktitle   = POT # { 18th } # EUROCRYPT,
    month       = may,
    year        = 1999,
    address     = {Prague, Czech Republic},
}

@Proceedings{EUROCRYPT01,
    title       = POT # { 20th } # EUROCRYPT,
    booktitle   = POT # { 20th } # EUROCRYPT,
    month       = may,
    year        = 2001,
    address     = {Innsbruck, Austria},
}

@Proceedings{EUROCRYPT08,
    title       = POT # { 27th } # EUROCRYPT,
    booktitle   = POT # { 27th } # EUROCRYPT,
    month       = apr,
    year        = 2008,
    address     = {Istanbul, Turkey},
}

@Proceedings{EUROCRYPT09,
    title       = POT # { 28th } # EUROCRYPT,
    booktitle   = POT # { 28th } # EUROCRYPT,
    month       = apr,
    year        = 2009,
    address     = {Cologne, Germany},
}

@Proceedings{EUROCRYPT13,
    title       = POT # { 32nd } # EUROCRYPT,
    booktitle   = POT # { 32nd } # EUROCRYPT,
    month       = may,
    year        = 2013,
    address     = {Athens, Greece},
}

@Proceedings{EUROCRYPT14,
    title       = POT # { 33rd } # EUROCRYPT,
    booktitle   = POT # { 33rd } # EUROCRYPT,
    month       = may,
    year        = 2014,
    address     = {Copenhagen, Denmark},
}

@Proceedings{EUROCRYPT15,
    title       = POT # { 34th } # EUROCRYPT,
    booktitle   = POT # { 34th } # EUROCRYPT,
    month       = apr,
    year        = 2015,
    address     = {Sofia, Bulgaria},
}

@Proceedings{CRYPTO84,
    title       = POT # { 4th } # CRYPTO,
    booktitle   = POT # { 4th } # CRYPTO,
    month       = aug,
    year        = 1984,
    address     = {Santa Barbara, CA},
}

@Proceedings{CRYPTO87,
    title       = POT # { 7th } # CRYPTO,
    booktitle   = POT # { 7th } # CRYPTO,
    month       = aug,
    year        = 1987,
    address     = {Santa Barbara, CA},
}

@Proceedings{CRYPTO01,
    title       = POT # { 21st } # CRYPTO,
    booktitle   = POT # { 21st } # CRYPTO,
    month       = aug,
    year        = 2001,
    address     = {Santa Barbara, CA},
}

@Proceedings{CRYPTO03,
    title       = POT # { 23rd } # CRYPTO,
    booktitle   = POT # { 23rd } # CRYPTO,
    month       = aug,
    year        = 2003,
    address     = {Santa Barbara, CA},
}

@Proceedings{CRYPTO09,
    title       = POT # { 29th } # CRYPTO,
    booktitle   = POT # { 29th } # CRYPTO,
    month       = aug,
    year        = 2009,
    address     = {Santa Barbara, CA},
}

@Proceedings{CRYPTO11,
    title       = POT # { 31st } # CRYPTO,
    booktitle   = POT # { 31st } # CRYPTO,
    month       = aug,
    year        = 2011,
    address     = {Santa Barbara, CA},
}

@Proceedings{CRYPTO13,
    title       = POT # { 33rd } # CRYPTO,
    booktitle   = POT # { 33rd } # CRYPTO,
    month       = aug,
    year        = 2013,
    address     = {Santa Barbara, CA},
}

@Proceedings{CRYPTO16,
    title       = POT # { 36th } # CRYPTO,
    booktitle   = POT # { 36th } # CRYPTO,
    month       = aug,
    year        = 2016,
    address     = {Santa Barbara, CA},
}


@Proceedings{TCC09,
    title       = POT # { 6th } # TCC,
    booktitle   = POT # { 6th } # TCC,
    month       = mar,
    year        = 2009,
    address     = {San Francisco, CA},
}

@Proceedings{TCC11,
    title       = POT # { 8th } # TCC,
    booktitle   = POT # { 8th } # TCC,
    month       = mar,
    year        = 2011,
    address     = {Providence, RI},
}

 
@Proceedings{NDSS04,
    title       = POT # { 11th } # NDSS,
    booktitle   = POT # { 11th } # NDSS,
    month       = feb,
    year        = 2004,
    address     = {San Diego, CA},
}

@Proceedings{NDSS06,
    title       = POT # { 13th } # NDSS,
    booktitle   = POT # { 13th } # NDSS,
    month       = feb,
    year        = 2006,
    address     = {San Diego, CA},
}

@Proceedings{NDSS07,
    title       = POT # { 14th } # NDSS,
    booktitle   = POT # { 14th } # NDSS,
    month       = feb # {--} # mar,
    year        = 2007,
    address     = {San Diego, CA},
}

@Proceedings{NDSS09,
    title       = POT # { 16th } # NDSS,
    booktitle   = POT # { 16th } # NDSS,
    month       = feb,
    year        = 2007,
    address     = {San Diego, CA},
}

@Proceedings{NDSS10,
    title       = POT # { 17th } # NDSS,
    booktitle   = POT # { 17th } # NDSS,
    month       = feb # {--} # mar,
    year        = 2010,
    address     = {San Diego, CA},
}

@Proceedings{NDSS11,
    title       = POT # { 18th } # NDSS,
    booktitle   = POT # { 18th } # NDSS,
    month       = feb,
    year        = 2011,
    address     = {San Diego, CA},
}

@Proceedings{NDSS14,
    title       = POT # { 2014 } # NDSS,
    booktitle   = POT # { 2014 } # NDSS,
    month       = feb,
    year        = 2014,
    address     = {San Diego, CA},
}

@Proceedings{NDSS16,
    title       = POT # { 2016 } # NDSS,
    booktitle   = POT # { 2016 } # NDSS,
    month       = feb,
    year        = 2016,
    address     = {San Diego, CA},
}


@Proceedings{CAV09,
    title       = POT # { 21st } # CAV,
    booktitle   = POT # { 21st } # CAV,
    month       = jun # {--} # jul,
    year        = 2009,
    address     = {Grenoble, France},
}

@Proceedings{CAV10,
    title       = POT # { 22nd } # CAV,
    booktitle   = POT # { 22nd } # CAV,
    month       = jul,
    year        = 2010,
    address     = {Edinburgh, UK},
}

@Proceedings{CAV11,
    title       = POT # { 23rd } # CAV,
    booktitle   = POT # { 23rd } # CAV,
    month       = jul,
    year        = 2011,
    address     = {Snowbird, UT},
}

@Proceedings{CAV16,
    title       = POT # { 28th } # CAV,
    booktitle   = POT # { 28th } # CAV,
    month       = jul,
    year        = 2016,
    address     = {Toronto, Canada},
}


@Proceedings{TACAS98,
    title       = POT # { 4th } # TACAS,
    booktitle   = POT # { 4th } # TACAS,
    month       = mar # {--} # apr,
    year        = 1998,
    address     = {Lisbon, Portugal},
}

@Proceedings{TACAS07,
    title       = POT # { 13th } # TACAS,
    booktitle   = POT # { 13th } # TACAS,
    month       = mar # {--} # apr,
    year        = 2007,
    address     = {Braga, Portugal},
}

@Proceedings{TACAS08,
    title       = POT # { 14th } # TACAS,
    booktitle   = POT # { 14th } # TACAS,
    month       = mar # {--} # apr,
    year        = 2008,
    address     = {Budapest, Hungary},
}

@Proceedings{TACAS09,
    title       = POT # { 15th } # TACAS,
    booktitle   = POT # { 15th } # TACAS,
    month       = mar,
    year        = 2009,
    address     = {York, UK},
}

@Proceedings{TACAS11,
    title       = POT # { 17th } # TACAS,
    booktitle   = POT # { 17th } # TACAS,
    month       = mar # {--} # apr,
    year        = 2011,
    address     = {Saarbr\"{u}cken, Germany},
}

@Proceedings{TACAS13,
    title       = POT # { 19th } # TACAS,
    booktitle   = POT # { 19th } # TACAS,
    month       = mar,
    year        = 2013,
    address     = {Rome, Italy},
}


@Proceedings{CC01,
    title       = POT # { 10th } # CC,
    booktitle   = POT # { 10th } # CC,
    month       = apr,
    year        = 2001,
    address     = {Genova, Italy},
}


@Proceedings{CGO04,
    title       = POT # { 2004 } # CGO,
    booktitle   = POT # { 2004 } # CGO,
    month       = mar,
    year        = 2004,
    address     = {Palo Alto, CA},
}


@Proceedings{ESORICS04,
    title       = POT # { 9th } # ESORICS,
    booktitle   = POT # { 9th } # ESORICS,
    month       = sep,
    year        = 2004,
    address     = {Sophia Antipolis, France},
}

@Proceedings{ESORICS10,
    title       = POT # { 15th } # ESORICS,
    booktitle   = POT # { 15th } # ESORICS,
    month       = sep,
    year        = 2010,
    address     = {Athens, Greece},
}


@Proceedings{OOPSLA03,
    title       = POT # { 18th } # OOPSLA,
    booktitle   = POT # { 18th } # OOPSLA,
    month       = oct,
    year        = 2003,
    address     = {Vancouver, Canada},
}

@Proceedings{OOPSLA04,
    title	= POT # { 19th } # OOPSLA,
    booktitle	= POT # { 19th } # OOPSLA,
    month	= oct,
    year	= 2004,
    address	= {Vancouver, Canada},
}

@Proceedings{OOPSLA08,
    title       = POT # { 2008 } # OOPSLA,
    booktitle   = POT # { 2008 } # OOPSLA,
    month       = oct,
    year        = 2008,
    address     = {Nashville, TN},
}

@Proceedings{OOPSLA13,
    title	= POT # { 2013 } # OOPSLA,
    booktitle	= POT # { 2013 } # OOPSLA,
    month	= oct,
    year	= 2013,
    address	= {Indianapolis, IN},
}

@Proceedings{OOPSLA14,
    title       = POT # { 2014 } # OOPSLA,
    booktitle   = POT # { 2014 } # OOPSLA,
    month       = oct,
    year        = 2014,
    address     = {Portland, OR},
}


@Proceedings{SNAPL15,
    title       = POT # { 1st } # SNAPL,
    booktitle   = POT # { 1st } # SNAPL,
    month       = may,
    year        = 2015,
    address     = {Asilomar, CA},
}


@Proceedings{ICSE06,
    title      = POT # { 2006 } # ICSE,
    booktitle  = POT # { 2006 } # ICSE,
    month      = may,
    year       = 2006,
    address    = {Shanghai, China},
}


@Proceedings{ISSTA12,
    title      = POT # { 2012 } # ISSTA,
    booktitle  = POT # { 2012 } # ISSTA,
    month      = jul,
    year       = 2012,
    address    = {Minneapolis, MN},
}


@Proceedings{SIGCOMM96,
    title      = POT # { 1996 } # SIGCOMM,
    booktitle  = POT # { 1996 } # SIGCOMM,
    month      = aug,
    year       = 1996,
    address    = {Stanford, CA},
}

@Proceedings{SIGCOMM99,
    title      = POT # { 1999 } # SIGCOMM,
    booktitle  = POT # { 1999 } # SIGCOMM,
    month      = aug # {--} # sep,
    year       = 1999,
    address    = {Cambridge, MA},
}

@Proceedings{SIGCOMM00,
    title      = POT # { 2000 } # SIGCOMM,
    booktitle  = POT # { 2000 } # SIGCOMM,
    month      = aug # {--} # sep,
    year       = 2000,
    address    = {Stockholm, Sweden},
}

@Proceedings{SIGCOMM04,
    title	= POT # { 2004 } # SIGCOMM,
    booktitle	= POT # { 2004 } # SIGCOMM,
    month	= aug # {--} # sep,
    year	= 2004,
    address	= {Portland, OR},
}

@Proceedings{SIGCOMM11,
    title	= POT # { 2011 } # SIGCOMM,
    booktitle	= POT # { 2011 } # SIGCOMM,
    month	= aug,
    year	= 2011,
    address	= {Toronto, Canada},
}

@Proceedings{SIGCOMM15,
    title	= POT # { 2015 } # SIGCOMM,
    booktitle	= POT # { 2015 } # SIGCOMM,
    month	= aug,
    year	= 2015,
    address	= {London, United Kingdom},
}

@Proceedings{POPL90,
    title       = POT # { 17th } # POPL,
    booktitle   = POT # { 17th } # POPL,
    month       = jan,
    year        = 1990,
    address     = {San Francisco, CA},
}

@Proceedings{POPL05,
    title       = POT # { 32nd } # POPL,
    booktitle   = POT # { 32nd } # POPL,
    month       = jan,
    year        = 2005,
    address     = {Long Beach, CA},
}

@Proceedings{POPL06,
    title       = POT # { 33rd } # POPL,
    booktitle   = POT # { 33rd } # POPL,
    month       = jan,
    year        = 2006,
    address     = {Charleston, SC},
}

@Proceedings{POPL08,
    title       = POT # { 35th } # POPL,
    booktitle   = POT # { 35th } # POPL,
    month       = jan,
    year        = 2008,
    address     = {San Francisco, CA},
}

@Proceedings{POPL09,
    title       = POT # { 36th } # POPL,
    booktitle   = POT # { 36th } # POPL,
    month       = jan,
    year        = 2009,
    address     = {Savannah, GA},
}

@Proceedings{POPL10,
    title       = POT # { 37th } # POPL,
    booktitle   = POT # { 37th } # POPL,
    month       = jan,
    year        = 2011,
    address     = {Madrid, Spain},
}

@Proceedings{POPL11,
    title       = POT # { 38th } # POPL,
    booktitle   = POT # { 38th } # POPL,
    month       = jan,
    year        = 2011,
    address     = {Austin, TX},
}

@Proceedings{POPL12,
    title       = POT # { 39th } # POPL,
    booktitle   = POT # { 39th } # POPL,
    month       = jan,
    year        = 2012,
    address     = {Philadelphia, PA},
}

@Proceedings{POPL13,
    title       = POT # { 40th } # POPL,
    booktitle   = POT # { 40th } # POPL,
    month       = jan,
    year        = 2013,
    address     = {Rome, Italy},
}

@Proceedings{POPL14,
    title       = POT # { 41st } # POPL,
    booktitle   = POT # { 41st } # POPL,
    month       = jan,
    year        = 2014,
    address     = {San Diego, CA},
}

@Proceedings{POPL15,
    title       = POT # { 42nd } # POPL,
    booktitle   = POT # { 42nd } # POPL,
    month       = jan,
    year        = 2015,
    address     = {Mumbai, India},
}

@Proceedings{POPL16,
    title       = POT # { 43rd } # POPL,
    booktitle   = POT # { 43rd } # POPL,
    month       = jan,
    year        = 2016,
    address     = {St. Petersburg, FL},
}


@Proceedings{PODC94,
    title       = POT # { 13th } # PODC,
    booktitle   = POT # { 13th } # PODC,
    month       = aug,
    year        = 1994,
    address     = {Los Angeles, CA},
}

@Proceedings{PODC07,
    title       = POT # { 26th } # PODC,
    booktitle   = POT # { 26th } # PODC,
    month       = aug,
    year        = 2007,
    address     = {Portland, OR},
}


@Proceedings{PPOPP08,
    title       = POT # { 13th } # PPOPP,
    booktitle   = POT # { 13th } # PPOPP,
    month       = feb,
    year        = 2008,
    address     = {Salt Lake City, UT},
}

@Proceedings{PPOPP12,
    title       = POT # { 17th } # PPOPP,
    booktitle   = POT # { 17th } # PPOPP,
    month       = feb,
    year        = 2012,
    address     = {New Orleans, LA},
}


@Proceedings{SOCC11,
    title       = POT # { 2nd } # SOCC,
    booktitle   = POT # { 2nd } # SOCC,
    month       = oct,
    year        = 2011,
    address     = {Cascais, Portugal},
}

@Proceedings{SOCC14,
    title       = POT # { 5th } # SOCC,
    booktitle   = POT # { 5th } # SOCC,
    month       = nov,
    year        = 2014,
    address     = {Seattle, WA},
}


@Proceedings{STOC12,
    title       = POT # { 44th } # STOC,
    booktitle   = POT # { 44th } # STOC,
    month       = may,
    year        = 2012,
    address     = {New York, NY},
}

@Proceedings{STOC13,
    title       = POT # { 45th } # STOC,
    booktitle   = POT # { 45th } # STOC,
    month       = jun,
    year        = 2013,
    address     = {Palo Alto, CA},
}

@Proceedings{FOCS86,
    title       = POT # { 27th } # FOCS,
    booktitle   = POT # { 27th } # FOCS,
    month       = oct,
    year        = 1986,
    address     = {Toronto, Canada},
}

@Proceedings{FOCS13,
    title       = POT # { 54th } # FOCS,
    booktitle   = POT # { 54th } # FOCS,
    month       = oct,
    year        = 2013,
    address     = {Berkeley, CA},
}


@Proceedings{ISCA84,
    title       = POT # { 11th } # ISCA,
    booktitle   = POT # { 11th } # ISCA,
    month       = jun,
    year        = 1984,
    address     = {Ann Arbor, MI},
}

@Proceedings{ISCA13,
    title       = POT # { 40th } # ISCA,
    booktitle   = POT # { 40th } # ISCA,
    month       = jun,
    year        = 2013,
    address     = {Tel Aviv, Israel},
}


@Proceedings{SPAA09,
    title       = POT # { 21st } # SPAA,
    booktitle   = POT # { 21st } # SPAA,
    month       = aug,
    year        = 2009,
    address     = {Calgary, Canada},
}


@Proceedings{PETS00,
    title       = POT # { Workshop on Design Issues in Anonymity and Unobservability},
    booktitle   = POT # { Workshop on Design Issues in Anonymity and Unobservability},
    month       = jul,
    year        = 2000,
    address     = {Berkeley, CA},
}

@Proceedings{PETS03,
    title       = POT # PETW,
    booktitle   = POT # PETW,
    month       = mar,
    year        = 2003,
    address     = {Dresden, Germany},
}

@Proceedings{PETS07,
    title       = POT # { 7th } # PETW,
    booktitle   = POT # { 7th } # PETW,
    month       = jun,
    year        = 2007,
    address     = {Ottawa, Canada},
}

@Proceedings{PETS09,
    title       = POT # { 9th } # PETS,
    booktitle   = POT # { 9th } # PETS,
    month       = aug,
    year        = 2009,
    address     = {Seattle, WA},
}

@Proceedings{PETS10,
    title       = POT # { 10th } # PETS,
    booktitle   = POT # { 10th } # PETS,
    month       = july,
    year        = 2010,
    address     = {Berlin, Germany},
}

@Proceedings{PETS11,
    title       = POT # { 11th } # PETS,
    booktitle   = POT # { 11th } # PETS,
    month       = jul,
    year        = 2011,
    address     = {Waterloo, Canada},
}

@Proceedings{PETS15,
    title       = POT # { 15th } # PETS,
    booktitle   = POT # { 15th } # PETS,
    month       = jun # {--} # jul,
    year        = 2015,
    address     = {Philadelphia, PA},
}

@Proceedings{PETS16,
    title       = POT # { 16th } # PETS,
    booktitle   = POT # { 16th } # PETS,
    month       = jul,
    year        = 2016,
    address     = {Darmstadt, Germany},
}


@Proceedings{WOOT13,
    title       = POT # { 7th } # WOOT,
    booktitle   = POT # { 7th } # WOOT,
    month       = aug,
    year        = 2013,
    address     = {Washington, DC},
}


@Proceedings{PODS06,
    title       = POT # { 25th } # PODS,
    booktitle   = POT # { 25th } # PODS,
    month       = jun,
    year        = 2006,
    address     = {Chicago, IL},
}


@Proceedings{ITP10,
    title       = POT # { 1st } # ITP,
    booktitle   = POT # { 1st } # ITP,
    month       = jul,
    year        = 2010,
    address     = {Edinburgh, UK},
}

@Proceedings{ITP14,
    title       = POT # { 5th } # ITP,
    booktitle   = POT # { 5th } # ITP,
    month       = jul,
    year        = 2014,
    address     = {Vienna, Austria},
}


@Proceedings{LICS02,
    title       = POT # { 17th } # LICS,
    booktitle   = POT # { 17th } # LICS,
    month       = jul,
    year        = 2002,
    address     = {Copenhagen, Denmark},
}


@Proceedings{DSN05,
    title       = POT # { 35th } # DSN,
    booktitle   = POT # { 35th } # DSN,
    month       = jun # {--} # jul,
    year        = 2005,
    address     = {Yokohama, Japan},
}

@Proceedings{DSN08,
    title       = POT # { 38th } # DSN,
    booktitle   = POT # { 38th } # DSN,
    month       = jun,
    year        = 2008,
    address     = {Anchorage, AK},
}

@Proceedings{DSN14,
    title       = POT # { 44th } # DSN,
    booktitle   = POT # { 44th } # DSN,
    month       = jun,
    year        = 2014,
    address     = {Atlanta, GA},
}


@proceedings{FAST09,
  title		= POT # { 7th } # FAST,
  booktitle	= POT # { 7th } # FAST,
  month		= feb,
  year		= 2009,
  address	= {San Francisco, CA},
}

@proceedings{FAST10,
  title		= POT # { 8th } # FAST,
  booktitle	= POT # { 8th } # FAST,
  month		= feb,
  year		= 2010,
  address	= {San Jose, CA},
}

@proceedings{FAST12,
  title		= POT # { 10th } # FAST,
  booktitle	= POT # { 10th } # FAST,
  month		= feb,
  year		= 2012,
  address	= {San Jose, CA},
}

@proceedings{FAST13,
  title		= POT # { 11th } # FAST,
  booktitle	= POT # { 11th } # FAST,
  month		= feb,
  year		= 2013,
  address	= {San Jose, CA},
}

@proceedings{FAST14,
  title		= POT # { 12th } # FAST,
  booktitle	= POT # { 12th } # FAST,
  month		= feb,
  year		= 2014,
  address	= {Santa Clara, CA},
}

@proceedings{FAST15,
  title		= POT # { 13th } # FAST,
  booktitle	= POT # { 13th } # FAST,
  month		= feb,
  year		= 2015,
  address	= {Santa Clara, CA},
}


@proceedings{HOTOS03,
  title		= POT # { 9th } # HOTOS,
  booktitle	= POT # { 9th } # HOTOS,
  month		= may,
  year		= 2003,
  address	= {Lihue, HI},
}

@proceedings{HOTOS15,
  title		= POT # { 15th } # HOTOS,
  booktitle	= POT # { 15th } # HOTOS,
  month		= may,
  year		= 2015,
  address	= {Kartause Ittingen, Switzerland},
}


@Proceedings{PLOS13,
    title	= POT # { 7th } # PLOS,
    booktitle	= POT # { 7th } # PLOS,
    month	= nov,
    year	= 2013,
    address	= {Farmington, PA},
}


@Proceedings{CSF13,
    title       = POT # { 26th } # CSF,
    booktitle   = POT # { 26th } # CSF,
    month       = jun,
    year        = 2013,
    address     = {New Orleans, LA},
}


@Proceedings{STC12,
    title       = POT # { 7th } # ACMSTC,
    booktitle   = POT # { 7th } # ACMSTC,
    month       = oct,
    year        = 2012,
    address     = {Raleigh, NC},
}


@Proceedings{CCSW12,
    title       = POT # { 2012 } # CCSW,
    booktitle   = POT # { 2012 } # CCSW,
    month       = oct,
    year        = 2012,
    address     = {Raleigh, NC},
}

@Proceedings{CCSW13,
    title       = POT # { 2013 } # CCSW,
    booktitle   = POT # { 2013 } # CCSW,
    month       = nov,
    year        = 2013,
    address     = {Berlin, Germany},
}


@Proceedings{HPCA14,
    title       = POT # { 20th } # HPCA,
    booktitle   = POT # { 20th } # HPCA,
    month       = feb,
    year        = 2014,
    address     = {Orlando, FL},
}


@Proceedings{SOUPS06,
    title       = POT # { 2nd } # SOUPS,
    booktitle   = POT # { 2nd } # SOUPS,
    month       = jul,
    year        = 2006,
    address     = {Pittsburgh, PA},
}


@Proceedings{FC02,
    title       = POT # { 6th } # FC,
    booktitle   = POT # { 6th } # FC,
    month       = mar,
    year        = 2002,
    address     = {Southampton, Bermuda},
}


@Proceedings{ASIACCS11,
    title       = POT # { 6th } # ASIACCS,
    booktitle   = POT # { 6th } # ASIACCS,
    month       = mar,
    year        = 2011,
    address     = {Hong Kong},
}


@Proceedings{CONEXT12,
    title       = POT # { 8th } # CONEXT,
    booktitle   = POT # { 8th } # CONEXT,
    month       = dec,
    year        = 2012,
    address     = {Nice, France},
}
