@string{POT     = {Proceedings of the }}
@string{SOSP    = { ACM Symposium on Operating Systems Principles~(SOSP)}}
@string{NSDI    = { Symposium on Networked Systems Design and Implementation~(NSDI)}}
@string{OSDI    = { Symposium on Operating Systems Design and Implementation~(OSDI)}}
@string{USENIXTC = { USENIX Technical Conference}}
@string{USENIXATC = { USENIX Annual Technical Conference}}
@string{PLDI    = { ACM SIGPLAN Conference on Programming Language Design and
                    Implementation~(PLDI)}}
@string{POPL    = { ACM Symposium on Principles of Programming Languages~(POPL)}}
@string{TOCS    = { ACM Transactions on Computer Systems}}
@string{TODS	= { ACM Transactions on Database Systems}}
@string{OSR     = { ACM SIGOPS Operating Systems Review}}
@string{CCR     = { ACM SIGCOMM Computer Communication Review}}
@string{TOS	= { ACM Transactions on Storage}}
@string{FAST	= { USENIX Conference on File and Storage Technologies~(FAST)}}
@string{CACM    = { Communications of the ACM}}
@string{JACM    = { Journal of the ACM}}
@string{EUROSYS = { ACM EuroSys Conference}}
@string{ASPLOS  = { International Conference on Architectural Support for
		    Programming Languages and Operating Systems~(ASPLOS)}}
@string{CCS     = { ACM Conference on Computer and Communications Security~(CCS)}}
@string{ASIACCS = { ACM Symposium on Information, Computer and Communications Security~(ASIACCS)}}
@string{USEC    = { Usenix Security Symposium}}
@string{IEEESP  = { IEEE Symposium on Security and Privacy}}
@string{TOPLAS  = { ACM Transactions on Programming Languages and Systems}}
@string{TISSEC  = { ACM Transactions on Information and System Security}}
@string{OLS	= { Linux Symposium }}
@string{VLDB	= { International Conference on Very Large Data Bases~(VLDB)}}
@string{SIGMOD	= { ACM SIGMOD International Conference on Management of Data}}
@string{ICDE    = { IEEE International Conference on Data Engineering Workshop}}
@string{CIDR    = { Biennial Conference on Innovative Data Systems Research~(CIDR)}}
@string{ESORICS	= { European Symposium on Research in Computer Security}}
@string{NDSS	= { Annual Network and Distributed System Security Symposium}}
@string{STOC    = { Annual ACM Symposium on Theory of Computing~(STOC)}}
@string{FOCS    = { Annual IEEE Symposium on Foundations of Computer Science~(FOCS)}}
@string{CRYPTO  = { Annual International Cryptology Conference~(CRYPTO)}}
@string{EUROCRYPT={ Annual International Conference on the Theory and
                    Applications of Cryptographic Techniques~(EUROCRYPT)}}
@string{ASIACRYPT={ Annual International Conference on the Theory and
                    Application of Cryptology and Information
                    Security~(ASIACRYPT)}}
@string{TCC     = { IACR Theory of Cryptography Conference~(TCC)}}
@string{CAV     = { International Conference on Computer Aided Verification~(CAV)}}
@string{TACAS   = { International Conference on Tools and Algorithms for
                    the Construction and Analysis of Systems}}
@string{CC      = { International Conference on Compiler Construction}}
@string{CGO     = { International Symposium on Code Generation and Optimization~(CGO)}}
@string{OOPSLA  = { Annual ACM Conference on Object-Oriented Programming,
                    Systems, Languages, and Applications}}
@string{SNAPL   = { Summit on Advances in Programming Languages~(SNAPL)}}
@string{ICSE    = { International Conference on Software Engineering~(ICSE)}}
@string{ISSTA   = { International Symposium on Software Testing and Analysis}}
@string{SIGCOMM = { ACM SIGCOMM}}
@string{PODC    = { ACM SIGACT-SIGOPS Symposium on Principles of Distributed Computing}}
@string{PPOPP   = { ACM Symposium on Principles and Practice of Parallel Programming}}
@string{SOCC    = { ACM Symposium on Cloud Computing}}
@string{ICFP    = { ACM SIGPLAN International Conference on Functional Programming~(ICFP)}}
@string{ISCA    = { Annual International Symposium on Computer Architecture}}
@string{SPAA    = { Annual ACM Symposium on Parallelism in Algorithms and Architectures}}
@string{PETS    = { Privacy Enhancing Technologies Symposium}}
@string{PETW    = { Workshop on Privacy Enhancing Technologies}}
@string{WOOT    = { USENIX Workshop on Offensive Technologies}}
@string{PODS    = { ACM Symposium on Principles of Database Systems}}
@string{ITP     = { International Conference on Interactive Theorem Proving}}
@string{DSN     = { Annual IEEE/IFIP International Conference on Dependable Systems and Networks~(DSN)}}
@string{LICS    = { Annual IEEE Symposium on Logic in Computer Science}}
@string{HOTOS   = { Workshop on Hot Topics in Operating Systems~(HotOS)}}
@string{PLOS    = { Workshop on Programming Languages and Operating Systems}}
@string{CSF     = { IEEE Computer Security Foundations Symposium}}
@string{ACMSTC  = { ACM Workshop on Scalable Trusted Computing}}
@string{CCSW    = { ACM Cloud Computing Security Workshop}}
@string{HPCA    = { IEEE International Symposium On High Performance Computer Architecture~(HPCA)}}
@string{SOUPS   = { Symposium On Usable Privacy and Security}}
@string{FC      = { International Financial Cryptography Conference}}
@string{CONEXT  = { International Conference on Emerging Networking Experiments and Technologies~(CoNEXT)}}
